@misc{1,
      author = "McGovern Institute for Brain Research at MIT",
      title = "Brain Disorders: By the Numbers",
      month = "January",
      year = "2014",
      url = "https://mcgovern.mit.edu/brain-disorders/by-the-numbers"
},
@misc{2,
      author = "Alzheimer's Association",
      title = "Types of Dementia",
      url = "http://www.alz.org/dementia/types-of-dementia.asp"
},
@article{3,
    author    = "Xiao-Bo Liu1 and Cynthia M Schumann",
    title     = "Optimization of electron microscopy for human brains with long-term fixation and fixed-frozen sections",
    journal   = "ACTA Neuropathologica Communications",
    year      = "2014",
},
@article{4,
    author    = "Kwanghun Chung	and Karl Deisseroth",
    title     = "CLARITY for mapping the nervous system",
    journal   = "Nature Methods",
    year      = "2013",
},
@article{5,
    author    = "Joshua T. Vogelstein and William Gray Roncal and R. Jacob Vogelstein and Carey E. Priebe",
    title     = "Graph Classification Using Signal-Subgraphs: Applications in Statistical Connectomics",
    journal   = "IEEE Transactions on Pattern Analysis and Machine Intelligence",
    year      = "2013",
},
@article{6,
    author    = "Liu AK and Hurry ME and Ng OT and DeFelice J and Lai HM and Pearce RK and Wong GT and Chang RC and Gentleman SM",
    title     = "Bringing CLARITY to the human brain: visualization of Lewy pathology in three dimensions",
    journal   = "Neuropathology and Applied Neurobiology",
    year      = "2015",
},
@article{7,
    author    = "Patric Hagmann",
    title     = "FROM DIFFUSION MRI TO BRAIN CONNECTOMICS",
    journal   = "PRESENTEE A LA FACULTE SCIENCES ET TECHNIQUES DE LINGENIEU",
    year      = "2005",
},
@article{8,
    author    = "David A. Bader and Henning Meyerhenke and Peter Sanders and Dorothea Wagner",
    title     = "Graph Partitioning and Graph Clustering",
    journal   = "American Mathematical Society Center for Discrete Mathematics and Theoretical Computer Science",
    year      = "2012",
},
@article{9,
    author    = "Joshua T. Vogelstein and Brett Mensh and Michael Häusser and Nelson Spruston and Alan C. Evans and Konrad Kording and Katrin Amunts and Christoph Ebell and Jeff Muller and Martin Telefont and Sean Hill and Sandhya P. Koushika and Corrado Calì and Pedro Antonio Valdés-Sosa and Peter B. Littlewood and Christof Koch and Stephan Saalfeld and Adam Kepecs and Hanchuan Peng and Yaroslav O. Halchenko and Gregory Kiar and Mu-Ming Poo and Jean-Baptiste Poline and Michael P. Milham and Alyssa Picchini Schaffer and Rafi Gidron and Hideyuki Okano and Vince D. Calhoun and Miyoung Chun and Dean M. Kleissas and R. Jacob Vogelstein and Eric Perlman and Randal Burns and Richard Huganir and Michael I. Miller",
    title     = "To the Cloud! A Grassroots Proposal to Accelerate Brain Science Discovery",
    journal   = "Neuron",
    year      = "2016",
},
@article{10,
    author    = "Stephan Gerhard and Alessandro Daducci and Alia Lemkaddem and Reto Meuli and Jean-Philippe Thiran and Patric Hagmann",
    title     = "The Connectome Viewer Toolkit: An open source framework to manage, analyze, and visualize connectomes",
    journal   = "Frontiers in Neuroinformatics",
    year      = "2011",
},
@misc{11,
      author = "Human Connectome Project",
      title = "Gallery",
      url = "http://www.humanconnectomeproject.org/gallery/"
},
@article{12,
    author    = "V.J. Wedeena and R.P. Wanga and J.D. Schmahmannb and T. Bennera and W.Y.I. Tsengc and G. Daia and D.N. Pandyad and P. Hagmanne and H. D'Arceuila and A.J. de Crespignya
",
    title     = "Diffusion spectrum magnetic resonance imaging (DSI) tractography of crossing fibers",
    journal   = "NeuroImage",
    year      = "2008",
},
@article{13,
    author    = "Crossley NA and Fox PT and Bullmore ET",
    title     = "Meta-connectomics: human brain network and connectivity meta-analyses",
    journal   = "Psychological Medicine",
    year      = "2016",
},
@article{14,
    author    = "C. Fraley and A. E. Raftery",
    title     = "MCLUST: Software for Model-based Cluster AnalysiMeta-connectomics: human brain network and connectivity meta-analyses",
    journal   = "Journal of Classification",
    year      = "1999",
},
